@article{CoT,
    author = {Wei, Jason and Wang, Xuezhi and Schuurmans, Dale and Bosma, Maarten and Ichter, Brian and Xia, Fei and Chi, Ed and Le, Quoc and Zhou, Denny},
    title = {Chain-of-Thought Prompting Elicits Reasoning in Large Language Models},
    journal = {Advances in Neural Information Processing Systems},
    volume = {35},
    pages = {24824--24837},
    year = {2022}
}

@article{PoT,
    author = {Chen, Wenhu and Ma, Xueguang and Wang, Xuezhi and Cohen, William W.},
    title = {Program of Thoughts Prompting: Disentangling Computation from Reasoning for Numerical Reasoning Tasks},
    journal = {arXiv preprint},
    year = {2022},
    eprint = {2211.12588}
}

@article{PS,
    author = {Wang, Xuezhi and Wei, Jason and Schuurmans, Dale and Le, Quoc and Chi, Ed and Zhou, Denny},
    title = {Self-Consistency Improves Chain of Thought Reasoning in Language Models},
    journal = {arXiv preprint},
    year = {2022},
    eprint = {2203.11171}
}

@article{PromptBreeder,
    author = {Fernando, Chrisantha and Banarse, Dylan and Michalewski, Henryk and Osindero, Simon and Rocktäschel, Tim},
    title = {PromptBreeder: Self-Referential Self-Improvement Via Prompt Evolution},
    journal = {arXiv preprint},
    year = {2023},
    eprint = {2309.16797}
}

@article{DPP_for_ML,
    author = {Kulesza, Alex and Taskar, Ben},
    title = {Determinantal Point Processes for Machine Learning},
    journal = {Foundations and Trends in Machine Learning},
    volume = {5},
    number = {2-3},
    pages = {123--286},
    year = {2012}
}

@article{DPP,
    author = {Kulesza, Alex and Taskar, Ben},
    title = {k-DPPs: Fixed-Size Determinantal Point Processes},
    journal = {International Conference on Machine Learning},
    pages = {1193--1200},
    year = {2011}
}

@article{MultiArith,
    author = {Roy, Subhro and Roth, Dan},
    title = {Solving General Arithmetic Word Problems},
    journal = {Conference on Empirical Methods in Natural Language Processing},
    pages = {1743--1752},
    year = {2015}
}

@article{SingleEQ,
    author = {Koncel-Kedziorski, Rik and Hajishirzi, Hannaneh and Farhadi, Ali and Etzioni, Oren and Ang, Siena Dumas},
    title = {Parsing Algebraic Word Problems into Equations},
    journal = {Transactions of the Association for Computational Linguistics},
    volume = {3},
    pages = {585--597},
    year = {2015}
}

@article{AddSub,
    author = {Hosseini, Mohammad Javad and Hajishirzi, Hannaneh and Etzioni, Oren and Kushman, Nate},
    title = {Learning to Solve Arithmetic Word Problems with Verb Categorization},
    journal = {Conference on Empirical Methods in Natural Language Processing},
    pages = {523--533},
    year = {2014}
}

@article{SVAMP,
    author = {Patel, Arkil and Bhattamishra, Satwik and Goyal, Navin},
    title = {Are NLP Models really able to Solve Simple Math Word Problems?},
    journal = {Conference of the North American Chapter of the Association for Computational Linguistics},
    pages = {2080--2094},
    year = {2021}
}

@article{SQA,
    author = {Iyyer, Mohit and Boyd-Graber, Jordan and Claudino, Leonardo and Socher, Richard and Daumé III, Hal},
    title = {A Neural Network for Factoid Question Answering over Paragraphs},
    journal = {Conference on Empirical Methods in Natural Language Processing},
    pages = {633--644},
    year = {2014}
}

@article{CSQA,
    author = {Talmor, Alon and Herzig, Jonathan and Lourie, Nicholas and Berant, Jonathan},
    title = {CommonsenseQA: A Question Answering Challenge Targeting Commonsense Knowledge},
    journal = {Conference of the North American Chapter of the Association for Computational Linguistics},
    pages = {4149--4158},
    year = {2019}
}

@article{AquaRat,
    author = {Ling, Wang and Yogatama, Dani and Dyer, Chris and Blunsom, Phil},
    title = {Program Induction by Rationale Generation: Learning to Solve and Explain Algebraic Word Problems},
    journal = {arXiv preprint},
    year = {2017},
    eprint = {1705.04146}
}

@article{GSM8k,
    author = {Cobbe, Karl and Kosaraju, Vineet and Bavarian, Mohammad and Chen, Mark and Jun, Heewoo and Kaiser, Lukasz and Plappert, Matthias and Tworek, Jerry and Hilton, Jacob and Nakano, Reiichiro and Hesse, Christopher and Schulman, John},
    title = {Training Verifiers to Solve Math Word Problems},
    journal = {arXiv preprint},
    year = {2021},
    eprint = {2110.14168}
}

@article{AndroidSecurity,
    title = {Android Security: A Survey of Issues, Malware Penetration, and Defenses},
    author = {Faruki, Parvez and Bharmal, Ammar and Laxmi, Vijay and Ganmoor, Vijay and Gaur, Manoj Singh and Conti, Mauro and Rajarajan, Muttukrishnan},
    journal = {IEEE Communications Surveys \& Tutorials},
    volume = {17},
    number = {2},
    pages = {998--1022},
    year = {2015},
    doi = {10.1109/COMST.2014.2386139}
}

@article{DeepLearningMalware,
    title = {Deep Learning for Android Malware Defenses: A Systematic Literature Review},
    author = {Li, Deqiang and Li, Qi and Ye, Yanfang and Xu, Shouhuai},
    journal = {ACM Computing Surveys},
    volume = {55},
    number = {8},
    pages = {1--36},
    year = {2023},
    doi = {10.1145/3547335}
}

@article{AndroidMalwareSurvey,
    title = {A Survey on Android Malware Detection Using Machine Learning},
    author = {Alzaylaee, Mohammed K. and Yerima, Suleiman Y. and Sezer, Sakir},
    journal = {Computers \& Security},
    volume = {93},
    pages = {101792},
    year = {2020},
    doi = {10.1016/j.cose.2020.101792}
}

@inproceedings{Drebin,
    title = {Drebin: Efficient and Explainable Detection of Android Malware in Your Pocket},
    author = {Arp, Daniel and Spreitzenbarth, Michael and Hubner, Malte and Gascon, Hugo and Rieck, Konrad},
    booktitle = {Proceedings of the 21st Annual Network and Distributed System Security Symposium (NDSS)},
    year = {2014},
    doi = {10.14722/ndss.2014.23247}
}

@article{AndroZoo,
    title = {AndroZoo: Collecting Millions of Android Apps for the Research Community},
    author = {Allix, Kevin and Bissyandé, Tegawendé F. and Klein, Jacques and Le Traon, Yves},
    journal = {Proceedings of the 13th International Conference on Mining Software Repositories},
    pages = {468--471},
    year = {2016},
    doi = {10.1145/2901739.2903508}
}

@article{CICMalDroid,
    title = {CICMalDroid: A Comprehensive Android Malware Dataset},
    author = {Taheri, Ramin and Javidan, Reza and Shojafar, Mohammad and Pooranian, Zahra and Miri, Ali and Conti, Mauro},
    journal = {IEEE Access},
    volume = {9},
    pages = {161539--161555},
    year = {2021},
    doi = {10.1109/ACCESS.2021.3133234}
}

@misc{VirusShare,
    title = {VirusShare},
    author = {VirusShare},
    year = {2024},
    howpublished = {\url{https://virusshare.com/}},
    note = {Accessed: 2024-03-20}
}

@article{TransformerMalware,
    author = {Chen, Tianlong and Mao, Qiben and Yang, Ying and Lv, Ming and Zhu, Jiangang},
    title = {TinyMalNet: A Lightweight Transformer-based Malware Detection Network for IoT Devices},
    journal = {IEEE Internet of Things Journal},
    volume = {9},
    number = {10},
    pages = {7542--7554},
    year = {2022}
}

@misc{Statista2024,
  author = {Statista},
  title = {Mobile Operating Systems' Market Share Worldwide from January 2023 to December 2024},
  year = {2024},
  url = {https://www.statista.com/statistics/272698/global-market-share-held-by-mobile-operating-systems-since-2009/},
  note = {Accessed: 2025-05-04}
}

@article{Demontis2017,
  author = {Demontis, Ambra and Melis, Marco and Biggio, Battista and Maiorca, Davide and Arp, Daniel and Rieck, Konrad and Corona, Igino and Giacinto, Giorgio and Roli, Fabio},
  title = {Yes, Machine Learning Can Be More Secure! A Case Study on Android Malware Detection},
  journal = {IEEE Transactions on Dependable and Secure Computing},
  volume = {16},
  number = {4},
  pages = {523--538},
  year = {2017},
  doi = {10.1109/TDSC.2017.2700270}
}

@article{Marastoni2022,
  author = {Marastoni, Nicola and Giacobbi, Marco and Conti, Mauro and Ghelfi, Roberto and Guido, Alessandro},
  title = {A Survey on Explainable Malware Detection Using Deep Learning},
  journal = {Computer Science Review},
  volume = {46},
  pages = {100512},
  year = {2022},
  doi = {10.1016/j.cosrev.2022.100512}
}

@article{Vinayakumar2019,
  author = {Vinayakumar, R. and Alazab, Mamoun and Soman, K. P. and Poornachandran, Prabaharan and Venkatraman, Sitalakshmi},
  title = {Robust Intelligent Malware Detection Using Deep Learning},
  journal = {IEEE Access},
  volume = {7},
  pages = {46717--46738},
  year = {2019},
  doi = {10.1109/ACCESS.2019.2906934}
}

@article{Lashkari2020,
  author = {Lashkari, Arash Habibi and Kadir, Abdul Fuad Abdul and Taheri, Laleh and Ghorbani, Ali A.},
  title = {Toward Developing a Systematic Approach to Generate Benchmark Android Malware Datasets and Classification},
  journal = {IEEE Transactions on Information Forensics and Security},
  volume = {15},
  pages = {2382--2397},
  year = {2020},
  doi = {10.1109/TIFS.2019.2958634}
}

@inproceedings{Pendlebury2019,
  author = {Pendlebury, Feargus and Pierazzi, Fabio and Jordaney, Roberto and Kinder, Johannes and Cavallaro, Lorenzo},
  title = {TESSERACT: Eliminating Experimental Bias in Malware Classification across Space and Time},
  booktitle = {Proceedings of the 28th USENIX Security Symposium},
  year = {2019},
  pages = {729--746}
} 